 %{AMS}
@String{AMSTrans = "American Mathematical Society Translations" }
@String{AMSTrans = "Amer. Math. Soc. Transl." }
@String{BullAMS = "Bulletin of the American Mathematical Society" }
@String{BullAMS = "Bull. Amer. Math. Soc." }
@String{ProcAMS = "Proceedings of the American Mathematical Society" }
@String{ProcAMS = "Proc. Amer. Math. Soc." }
@String{TransAMS = "Transactions of the American Mathematical Society" }
@String{TransAMS = "Trans. Amer. Math. Soc." }

%ACM
@String{CACM = "Communications of the {ACM}" }
@String{CACM = "Commun. {ACM}" }
@String{CompServ = "Comput. Surveys" }
@String{JACM = "J. ACM" }
@String{ACMMathSoft = "{ACM} Transactions on Mathematical Software" }
@String{ACMMathSoft = "{ACM} Trans. Math. Software" }
@String{SIGNUM = "{ACM} {SIGNUM} Newsletter" }
@String{SIGNUM = "{ACM} {SIGNUM} Newslett." }

@String{AmerSocio = "American Journal of Sociology" }
@String{AmerStatAssoc = "Journal of the American Statistical Association" }
@String{AmerStatAssoc = "J. Amer. Statist. Assoc." }
@String{ApplMathComp = "Applied Mathematics and Computation" }
@String{ApplMathComp = "Appl. Math. Comput." }
@String{AmerMathMonthly = "American Mathematical Monthly" }
@String{AmerMathMonthly = "Amer. Math. Monthly" }
@String{BIT = "{BIT}" }
@String{BritStatPsych = "British Journal of Mathematical and Statistical
	Psychology" }
@String{BritStatPsych = "Brit. J. Math. Statist. Psych." }
@String{CanMathBull = "Canadian Mathematical Bulletin" }
@String{CanMathBull = "Canad. Math. Bull." }
@String{CompApplMath = "Journal of Computational and Applied Mathematics" }
@String{CompApplMath = "J. Comput. Appl. Math." }
@String{CompPhys = "Journal of Computational Physics" }
@String{CompPhys = "J. Comput. Phys." }
@String{CompStruct = "Computers and Structures" }
@String{CompStruct = "Comput. \& Structures" }
@String{CompJour = "The Computer Journal" }
@String{CompJour = "Comput. J." }
@String{CompSysSci = "Journal of Computer and System Sciences" }
@String{CompSysSci = "J. Comput. System Sci." }
@String{Computing = "Computing" }
@String{ContempMath = "Contemporary Mathematics" }
@String{ContempMath = "Contemp. Math." }
@String{Crelle = "Crelle's Journal" }
@String{GiornaleMath = "Giornale di Mathematiche" }
@String{GiornaleMath = "Giorn. Mat." } % didn't find in AMS MR., ibid.

%IEEE
@String{Computer = "{IEEE} Computer" }
@String{IEEETransComp = "{IEEE} Transactions on Computers" }
@String{IEEETransComp = "{IEEE} Trans. Comput." }
@String{IEEETransAC = "{IEEE} Transactions on Automatic Control" }
@String{IEEETransAC = "{IEEE} Trans. Automat. Control" }
@String{IEEESpec = "{IEEE} Spectrum" } % didn't find in AMS MR
@String{ProcIEEE = "Proceedings of the {IEEE}" }
@String{ProcIEEE = "Proc. {IEEE}" } % didn't find in AMS MR
@String{IEEETransAeroElec = "{IEEE} Transactions on Aerospace and Electronic
	Systems" }
@String{IEEETransAeroElec = "{IEEE} Trans. Aerospace Electron. Systems" }

@String{IMANumerAna = "{IMA} Journal of Numerical Analysis" }
@String{IMANumerAna = "{IMA} J. Numer. Anal." }
@String{InfProcLet = "Information Processing Letters" }
@String{InfProcLet = "Inform. Process. Lett." }
@String{InstMathApp = "Journal of the Institute of Mathematics and
	its Applications" }
@String{InstMathApp = "J. Inst. Math. Appl." }
@String{IntControl = "International Journal of Control" }
@String{IntControl = "Internat. J. Control" }
@String{IntNumerEng = "International Journal for Numerical Methods in
	Engineering" }
@String{IntNumerEng = "Internat. J. Numer. Methods Engrg." }
@String{IntSuper = "International Journal of Supercomputing Applications" }
@String{IntSuper = "Internat. J. Supercomputing Applic." } % didn't find
%% in AMS MR
@String{Kibernetika = "Kibernetika" }
@String{JResNatBurStand = "Journal of Research of the National Bureau
	of Standards" }
@String{JResNatBurStand = "J. Res. Nat. Bur. Standards" }
@String{LinAlgApp = "Linear Algebra and its Applications" }
@String{LinAlgApp = "Linear Algebra Appl." }
@String{MathAnaAppl = "Journal of Mathematical Analysis and Applications" }
@String{MathAnaAppl = "J. Math. Anal. Appl." }
@String{MathAnnalen = "Mathematische Annalen" }
@String{MathAnnalen = "Math. Ann." }
@String{MathPhys = "Journal of Mathematical Physics" }
@String{MathPhys = "J. Math. Phys." }
@String{MathComp = "Mathematics of Computation" }
@String{MathComp = "Math. Comp." }
@String{MathScand = "Mathematica Scandinavica" }
@String{MathScand = "Math. Scand." }
@String{TablesAidsComp = "Mathematical Tables and Other Aids to Computation" }
@String{TablesAidsComp = "Math. Tables Aids Comput." }
@String{NumerMath = "Numerische Mathematik" }
@String{NumerMath = "Numer. Math." }
@String{PacificMath = "Pacific Journal of Mathematics" }
@String{PacificMath = "Pacific J. Math." }
@String{ParDistComp = "Journal of Parallel and Distributed Computing" }
@String{ParDistComp = "J. Parallel and Distrib. Comput." } % didn't find
%% in AMS MR
@String{ParComputing = "Parallel Computing" }
@String{ParComputing = "Parallel Comput." }
@String{PhilMag = "Philosophical Magazine" }
@String{PhilMag = "Philos. Mag." }
@String{ProcNAS = "Proceedings of the National Academy of Sciences
	of the USA" }
@String{ProcNAS = "Proc. Nat. Acad. Sci. U. S. A." }
@String{Psychometrika = "Psychometrika" }
@String{QuartMath = "Quarterly Journal of Mathematics, Oxford, Series (2)" }
@String{QuartMath = "Quart. J. Math. Oxford Ser. (2)" }
@String{QuartApplMath = "Quarterly of Applied Mathematics" }
@String{QuartApplMath = "Quart. Appl. Math." }
@String{RevueInstStat = "Review of the International Statisical Institute" }
@String{RevueInstStat = "Rev. Inst. Internat. Statist." }

%SIAM
@String{JSIAM = "Journal of the Society for Industrial and Applied
	Mathematics" }
@String{JSIAM = "J. Soc. Indust. Appl. Math." }
@String{JSIAMB = "Journal of the Society for Industrial and Applied
	Mathematics, Series B, Numerical Analysis" }
@String{JSIAMB = "J. Soc. Indust. Appl. Math. Ser. B Numer. Anal." }
@String{SIAMAlgMeth = "{SIAM} Journal on Algebraic and Discrete Methods" }
@String{SIAMAlgMeth = "{SIAM} J. Algebraic Discrete Methods" }
@String{SIAMAppMath = "{SIAM} Journal on Applied Mathematics" }
@String{SIAMAppMath = "{SIAM} J. Appl. Math." }
@String{SIAMComp = "{SIAM} Journal on Computing" }
@String{SIAMComp = "{SIAM} J. Comput." }
@String{SIAMMatrix = "{SIAM} Journal on Matrix Analysis and Applications" }
@String{SIAMMatrix = "{SIAM} J. Matrix Anal. Appl." }
@String{SIAMNumAnal = "{SIAM} Journal on Numerical Analysis" }
@String{SIAMNumAnal = "{SIAM} J. Numer. Anal." }
@String{SIAMReview = "{SIAM} Review" }
@String{SIAMReview = "{SIAM} Rev." }
@String{SIAMSciStat = "{SIAM} Journal on Scientific and Statistical
	Computing" }
@String{SIAMSciStat = "{SIAM} J. Sci. Statist. Comput." }

@String{SoftPracExp = "Software Practice and Experience" }
@String{SoftPracExp = "Software Prac. Experience" } % didn't find in AMS MR
@String{StatScience = "Statistical Science" }
@String{StatScience = "Statist. Sci." }
@String{Techno = "Technometrics" }
@String{USSRCompMathPhys = "{USSR} Computational Mathematics and Mathematical
	Physics" }
@String{USSRCompMathPhys = "{U. S. S. R.} Comput. Math. and Math. Phys." }
@String{VLSICompSys = "Journal of {VLSI} and Computer Systems" }
@String{VLSICompSys = "J. {VLSI} Comput. Syst." }
@String{ZAngewMathMech = "Zeitschrift fur Angewandte Mathematik und
	Mechanik" }
@String{ZAngewMathMech = "Z. Angew. Math. Mech." }
@String{ZAngewMathPhys = "Zeitschrift fur Angewandte Mathematik und Physik" }
@String{ZAngewMathPhys = "Z. Angew. Math. Phys." }

% Publishers % ================================================= |

@String{Academic = "Academic Press" }
@String{ACMPress = "{ACM} Press" }
@String{AdamHilger = "Adam Hilger" }
@String{AddisonWesley = "Addison-Wesley" }
@String{AllynBacon = "Allyn and Bacon" }
@String{AMS = "American Mathematical Society" }
@String{Birkhauser = "Birkha{\"u}ser" }
@String{CambridgePress = "Cambridge University Press" }
@String{Chelsea = "Chelsea" }
@String{ClaredonPress = "Claredon Press" }
@String{DoverPub = "Dover Publications" }
@String{Eyolles = "Eyolles" }
@String{HoltRinehartWinston = "Holt, Rinehart and Winston" }
@String{Interscience = "Interscience" }
@String{JohnsHopkinsPress = "The Johns Hopkins University Press" }
@String{JohnWileySons = "John Wiley and Sons" }
@String{Macmillan = "Macmillan" }
@String{MathWorks = "The Math Works Inc." }
@String{McGrawHill = "McGraw-Hill" }
@String{NatBurStd = "National Bureau of Standards" }
@String{NorthHolland = "North-Holland" }
@String{OxfordPress = "Oxford University Press" }  %address Oxford or London?
@String{PergamonPress = "Pergamon Press" }
@String{PlenumPress = "Plenum Press" }
@String{PrenticeHall = "Prentice-Hall" }
@String{SIAMPub = "{SIAM} Publications" }
@String{Springer = "Springer-Verlag" }
@String{TexasPress = "University of Texas Press" }
@String{VanNostrand = "Van Nostrand" }
@String{WHFreeman = "W. H. Freeman and Co." }


@article{Greaves:2011,
	author = {Greaves, G and Greer, A and Lakes, Roderic and Rouxel, Tanguy},
	year = {2011},
	month = {11},
	pages = {823-37},
	title = {Poisson's Ratio and Modern Materials},
	volume = {10},
	journal = {Nature materials},
	doi = {10.1038/nmat3134}
}

@article{Smith:2018,
	author = {Smith, Breannan and Goes, Fernando De and Kim, Theodore},
	title = {Stable Neo-Hookean Flesh Simulation},
	journal = {ACM Trans. Graph.},
	issue_date = {July 2018},
	volume = {37},
	number = {2},
	month = mar,
	year = {2018},
	issn = {0730-0301},
	pages = {12:1--12:15},
	articleno = {12},
	numpages = {15},
	url = {http://doi.acm.org/10.1145/3180491},
	doi = {10.1145/3180491},
	acmid = {3180491},
	publisher = {ACM},
	address = {New York, NY, USA},
	keywords = {Physically-based simulation, elasticity},
} 

@article{Irving:2007,
	author = {Irving, Geoffrey and Schroeder, Craig and Fedkiw, Ronald},
	title = {Volume Conserving Finite Element Simulations of Deformable Models},
	journal = {ACM Trans. Graph.},
	issue_date = {July 2007},
	volume = {26},
	number = {3},
	month = jul,
	year = {2007},
	issn = {0730-0301},
	articleno = {13},
	url = {http://doi.acm.org/10.1145/1276377.1276394},
	doi = {10.1145/1276377.1276394},
	acmid = {1276394},
	publisher = {ACM},
	address = {New York, NY, USA},
	keywords = {collisions, deformable solids, incompressibility},
} 

@article{Platt:1988,
	author = {Platt, John C. and Barr, Alan H.},
	title = {Constraint Methods for Flexible Models},
	journal = {SIGGRAPH Comput. Graph.},
	issue_date = {Aug. 1988},
	volume = {22},
	number = {4},
	month = jun,
	year = {1988},
	issn = {0097-8930},
	pages = {279--288},
	numpages = {10},
	url = {http://doi.acm.org/10.1145/378456.378524},
	doi = {10.1145/378456.378524},
	acmid = {378524},
	publisher = {ACM},
	address = {New York, NY, USA},
	keywords = {constraints, dynamics, elasticity, modeling, simulation},
} 

@ARTICLE{Hong:2006, 
	author={M. Hong and S. Jung and M. Choi and S. W. J. Welch}, 
	journal={IEEE Computer Graphics and Applications}, 
	title={Fast Volume Preservation for a Mass-Spring System}, 
	year={2006}, 
	volume={26}, 
	number={5}, 
	pages={83-91}, 
	keywords={computer animation;continuum mechanics;damping;finite volume methods;mechanical engineering computing;mesh generation;shock absorbers;solid modelling;springs (mechanical);fast volume preservation;mass-spring system;realistic deformable object animation;internal volumetric meshing;finite-element-method-based model;Muscles;Springs;Biological system modeling;Humans;Material properties;Deformable models;Animation;Joints;Graphical models;Finite element methods;constraint;volume preservation;deformable object;physically-based simulation}, 
	doi={10.1109/MCG.2006.104}, 
	ISSN={0272-1716}, 
	month={Sept},}

@article{Promayon:1996,
	author = {Promayon, Emmanuel and Baconnier, Pierre and Puech, Claude},
	year = {1996},
	month = {08},
	pages = {},
	title = {Physically Based Deformations Constrained in Displacements and Volume},
	volume = {15},
	journal = {Computer Graphics Forum (Proc. of Eurographics '96)},
	doi = {10.1111/1467-8659.1530155}
}

@inproceedings{Punak:2006,
	author = {Punak, Sukitti and Peters, J\"{o}rg},
	title = {Localized Volume Preservation for Simulation and Animation},
	booktitle = {ACM SIGGRAPH 2006 Research Posters},
	series = {SIGGRAPH '06},
	year = {2006},
	isbn = {1-59593-364-6},
	location = {Boston, Massachusetts},
	articleno = {17},
	url = {http://doi.acm.org/10.1145/1179622.1179640},
	doi = {10.1145/1179622.1179640},
	acmid = {1179640},
	publisher = {ACM},
	address = {New York, NY, USA},
} 

@article{Yoon:2006,
	author = {Yoon, Seung-Hyun and Kim, Myung-Soo},
	year = {2006},
	month = {09},
	pages = {487-496},
	title = {Sweep‐based Freeform Deformations},
	volume = {25},
	journal = {Comput. Graph. Forum},
	doi = {10.1111/j.1467-8659.2006.00968.x}
}

@INPROCEEDINGS{Angelidi:2004, 
	author={A. Angelidi and M. P. Canif and G. Wyvill and S. King}, 
	booktitle={12th Pacific Conference on Computer Graphics and Applications, 2004. PG 2004. Proceedings.}, 
	title={Swirling-sweepers: constant-volume modeling}, 
	year={2004}, 
	volume={}, 
	number={}, 
	pages={10-15}, 
	keywords={solid modelling;computational geometry;swirling-sweepers;constant-volume modeling;shape modeling;interactive modeling;Deformable models;Shape control;Computer graphics;Animation;Optimization methods;Context modeling;Joining materials;Character recognition;Animals;Humans}, 
	doi={10.1109/PCCGA.2004.1348329}, 
	ISSN={1550-4085}, 
	month={Oct},}

@INPROCEEDINGS{Funck:2007, 
	author={W. v. Funck and H. Theisel and H. Seidel}, 
	booktitle={15th Pacific Conference on Computer Graphics and Applications (PG'07)}, 
	title={Explicit Control of Vector Field Based Shape Deformations}, 
	year={2007}, 
	volume={}, 
	number={}, 
	pages={291-300}, 
	keywords={computational geometry;curve fitting;solid modelling;vector field based shape deformations;spheres;cylinders;boundary constraint modeling;3D parametric curve;parametric twisting function;GPU;high-resolution meshes;Shape control;Deformable models;Computer graphics;Application software;Concurrent computing;Computational modeling;Animation;Context modeling;Solid modeling;Geometry}, 
	doi={10.1109/PG.2007.26}, 
	ISSN={1550-4085}, 
	month={Oct},}

@inproceedings{Diziol:2011,
	author = {Diziol, Raphael and Bender, Jan and Bayer, Daniel},
	year = {2011},
	month = {08},
	pages = {237-246},
	title = {Robust Real-Time Deformation of Incompressible Surface Meshes.},
	journal = {Proceedings - SCA 2011: ACM SIGGRAPH / Eurographics Symposium on Computer Animation},
	doi = {10.1145/2019406.2019438}
}

@inproceedings{Rohmer:2009,
	author = {Rohmer, Damien and Hahmann, Stefanie and Cani, Marie-Paule},
	title = {Exact Volume Preserving Skinning with Shape Control},
	booktitle = {Proceedings of the 2009 ACM SIGGRAPH/Eurographics Symposium on Computer Animation},
	series = {SCA '09},
	year = {2009},
	isbn = {978-1-60558-610-6},
	location = {New Orleans, Louisiana},
	pages = {83--92},
	numpages = {10},
	url = {http://doi.acm.org/10.1145/1599470.1599481},
	doi = {10.1145/1599470.1599481},
	acmid = {1599481},
	publisher = {ACM},
	address = {New York, NY, USA},
} 

@article{Hirota:2000,
	title = "Fast volume-preserving free-form deformation using multi-level optimization",
	journal = "Computer-Aided Design",
	volume = "32",
	number = "8",
	pages = "499 - 512",
	year = "2000",
	issn = "0010-4485",
	doi = "https://doi.org/10.1016/S0010-4485(00)00038-5",
	url = "http://www.sciencedirect.com/science/article/pii/S0010448500000385",
	author = "G. Hirota and R. Maheshwari and M.C. Lin",
	keywords = "Free-form deformation, Physically based modeling, Volume preservation"
}

@inproceedings{Stomakhin:2012,
	author = {Stomakhin, Alexey and Howes, Russell and Schroeder, Craig and Teran, Joseph M.},
	title = {Energetically Consistent Invertible Elasticity},
	booktitle = {Proceedings of the 11th ACM SIGGRAPH / Eurographics Conference on Computer Animation},
	series = {EUROSCA'12},
	year = {2012},
	isbn = {978-3-905674-37-8},
	location = {Lausanne, Switzerland},
	pages = {25--32},
	numpages = {8},
	url = {http://dx.doi.org/10.2312/SCA/SCA12/025-032},
	doi = {10.2312/SCA/SCA12/025-032},
	acmid = {2421736},
	publisher = {Eurographics Association},
	address = {Aire-la-Ville, Switzerland, Switzerland},
} 

@inproceedings{Irving:2004,
	author = {Irving, G. and Teran, J. and Fedkiw, R.},
	title = {Invertible Finite Elements for Robust Simulation of Large Deformation},
	booktitle = {Proceedings of the 2004 ACM SIGGRAPH/Eurographics Symposium on Computer Animation},
	series = {SCA '04},
	year = {2004},
	isbn = {3-905673-14-2},
	location = {Grenoble, France},
	pages = {131--140},
	numpages = {10},
	url = {https://doi.org/10.1145/1028523.1028541},
	doi = {10.1145/1028523.1028541},
	acmid = {1028541},
	publisher = {Eurographics Association},
	address = {Goslar Germany, Germany},
} 

@book{Bathe:2006,
	title={Finite Element Procedures},
	author={Bathe, K.J.},
	isbn={9780979004902},
	url={https://books.google.ca/books?id=rWvefGICfO8C},
	year={2006},
	publisher={Prentice Hall}
}

@article{Muller:2007,
	title = "Position based dynamics",
	journal = "Journal of Visual Communication and Image Representation",
	volume = "18",
	number = "2",
	pages = "109 - 118",
	year = "2007",
	issn = "1047-3203",
	doi = "https://doi.org/10.1016/j.jvcir.2007.01.005",
	url = "http://www.sciencedirect.com/science/article/pii/S1047320307000065",
	author = "Matthias Müller and Bruno Heidelberger and Marcus Hennix and John Ratcliff",
	keywords = "Physically based simulation, Game physics, Integration schemes, Cloth simulation"
}
@BOOK{Nocedal:2006,
	edition = "2nd",
	remark = "Section 8.2 gives a short introduction to automatic differentiation",
	author = "J. Nocedal and S. J. Wright",
	title = "Numerical Optimization",
	publisher = "Springer",
	year = "2006",
	address = "New York",
	ad_theotech = "General"
}

@article{Liu:2016,
	author = {Liu, Tiantian and Gao, Ming and Zhu, Lifeng and Sifakis, Eftychios and Kavan, Ladislav},
	year = {2016},
	month = {05},
	pages = {1-11},
	title = {Fast and Robust Inversion-Free Shape Manipulation},
	volume = {35},
	journal = {Computer Graphics Forum},
	doi = {10.1111/cgf.12806}
}

@book{BonetWood:2008,
	author = {Bonet, Javier and Wood, Richard D.},
	year = {2008},
	month = {03},
	pages = {},
	title = {J. Bonet, R. D. Wood, Nonlinear Continuum Mechanics for Finite Element Analysis, Cambridge University Press, Cambridge, UK},
	volume = {24},
	isbn = {978-0521838702},
	journal = {Communications in Numerical Methods in Engineering},
	doi = {10.1017/CBO9780511755446}
}

@article{Pai:2018,
	author = {Pai, Dinesh K. and Rothwell, Austin and Wyder-Hodge, Pearson and Wick, Alistair and Fan, Ye and Larionov, Egor and Harrison, Darcy and Neog, Debanga Raj and Shing, Cole},
	title = {The Human Touch: Measuring Contact with Real Human Soft Tissues},
	journal = {ACM Trans. Graph.},
	issue_date = {August 2018},
	volume = {37},
	number = {4},
	month = jul,
	year = {2018},
	issn = {0730-0301},
	pages = {58:1--58:12},
	articleno = {58},
	numpages = {12},
	url = {http://doi.acm.org/10.1145/3197517.3201296},
	doi = {10.1145/3197517.3201296},
	acmid = {3201296},
	publisher = {ACM},
	address = {New York, NY, USA},
	keywords = {biomechanics, contact, finite element, human simulation, measurement, soft tissues},
} 

@inproceedings{Sifakis:2012,
	author = {Sifakis, Eftychios and Barbic, Jernej},
	title = {FEM Simulation of 3D Deformable Solids: A Practitioner's Guide to Theory,
	Discretization and Model Reduction},
	booktitle = {ACM SIGGRAPH 2012 Courses},
	series = {SIGGRAPH '12},
	year = {2012},
	isbn = {978-1-4503-1678-1},
	location = {Los Angeles, California},
	pages = {20:1--20:50},
	articleno = {20},
	numpages = {50},
	url = {http://doi.acm.org/10.1145/2343483.2343501},
	doi = {10.1145/2343483.2343501},
	acmid = {2343501},
	publisher = {ACM},
	address = {New York, NY, USA},
}

@article{McAdams:2011,
	author = {McAdams, Aleka and Zhu, Yongning and Selle, Andrew and Empey, Mark and Tamstorf, Rasmus and Teran, Joseph and Sifakis, Eftychios},
	title = {Efficient Elasticity for Character Skinning with Contact and Collisions},
	journal = {ACM Trans. Graph.},
	issue_date = {July 2011},
	volume = {30},
	number = {4},
	month = jul,
	year = {2011},
	issn = {0730-0301},
	pages = {37:1--37:12},
	articleno = {37},
	numpages = {12},
	url = {http://doi.acm.org/10.1145/2010324.1964932},
	doi = {10.1145/2010324.1964932},
	acmid = {1964932},
	publisher = {ACM},
	address = {New York, NY, USA},
	keywords = {corotated elasticity, elastic deformations, physics-based modeling, skinning},
} 

@article{Wachter:2006,
	author="W{\"a}chter, Andreas
	and Biegler, Lorenz T.",
	title="On the implementation of an interior-point filter line-search algorithm for large-scale
	nonlinear programming",
	journal="Mathematical Programming",
	year="2006",
	month="Mar",
	day="01",
	volume="106",
	number="1",
	pages="25--57",
	issn="1436-4646",
	doi="10.1007/s10107-004-0559-y",
	url="https://doi.org/10.1007/s10107-004-0559-y"
}

@inproceedings{Civit:2014,
	title={Robust treatment of degenerate elements in interactive corotational fem simulations},
	author={Civit-Flores, Oscar and Sus{\'\i}n, Antonio},
	booktitle={Computer Graphics Forum},
	volume={33},
	number={6},
	pages={298--309},
	year={2014},
	organization={Wiley Online Library}
}

@article{Liu:2017,
	author = {Liu, Tiantian and Bouaziz, Sofien and Kavan, Ladislav},
	title = {Quasi-Newton Methods for Real-Time Simulation of Hyperelastic Materials},
	journal = {ACM Trans. Graph.},
	issue_date = {June 2017},
	volume = {36},
	number = {3},
	month = may,
	year = {2017},
	issn = {0730-0301},
	articleno = {116a},
	url = {http://doi.acm.org/10.1145/2990496},
	doi = {10.1145/2990496},
	acmid = {2990496},
	publisher = {ACM},
	address = {New York, NY, USA},
	keywords = {Physics-based animation, material models, numerical optimization},
} 

@inproceedings{Chao:2010,
	author = {Chao, Isaac and Pinkall, Ulrich and Sanan, Patrick and Schr\"{o}der, Peter},
	title = {A Simple Geometric Model for Elastic Deformations},
	booktitle = {ACM SIGGRAPH 2010 Papers},
	series = {SIGGRAPH '10},
	year = {2010},
	isbn = {978-1-4503-0210-4},
	location = {Los Angeles, California},
	pages = {38:1--38:6},
	articleno = {38},
	numpages = {6},
	url = {http://doi.acm.org/10.1145/1833349.1778775},
	doi = {10.1145/1833349.1778775},
	acmid = {1778775},
	publisher = {ACM},
	address = {New York, NY, USA},
	keywords = {digital geometry processing, discrete differential geometry, elasticity, geometric modeling, morphing, parameterization, shape space interpolation},
} 

@article{Mooney:1940,
	title={A theory of large elastic deformation},
	author={Mooney, Melvin},
	journal={Journal of applied physics},
	volume={11},
	number={9},
	pages={582--592},
	year={1940},
	publisher={AIP}
}

@article{Rivlin:1948,
	author = {R. S. Rivlin  and Eric Keightley Rideal },
	title = {Large elastic deformations of isotropic materials IV. further developments of the general theory},
	journal = {Philosophical Transactions of the Royal Society of London. Series A, Mathematical and Physical Sciences},
	volume = {241},
	number = {835},
	pages = {379-397},
	year = {1948},
	doi = {10.1098/rsta.1948.0024},
	URL = {https://royalsocietypublishing.org/doi/abs/10.1098/rsta.1948.0024},
	eprint = {https://royalsocietypublishing.org/doi/pdf/10.1098/rsta.1948.0024}
}
@inproceedings{Teran:2005,
	author = {Teran, Joseph and Sifakis, Eftychios and Irving, Geoffrey and Fedkiw, Ronald},
	title = {Robust Quasistatic Finite Elements and Flesh Simulation},
	booktitle = {Proceedings of the 2005 ACM SIGGRAPH/Eurographics Symposium on Computer Animation},
	series = {SCA '05},
	year = {2005},
	isbn = {1-59593-198-8},
	location = {Los Angeles, California},
	pages = {181--190},
	numpages = {10},
	url = {http://doi.acm.org/10.1145/1073368.1073394},
	doi = {10.1145/1073368.1073394},
	acmid = {1073394},
	publisher = {ACM},
	address = {New York, NY, USA},
}
@inproceedings{Muller:2002,
	author = {M\"{u}ller, Matthias and Dorsey, Julie and McMillan, Leonard and Jagnow, Robert and Cutler, Barbara},
	title = {Stable Real-time Deformations},
	booktitle = {Proceedings of the 2002 ACM SIGGRAPH/Eurographics Symposium on Computer Animation},
	series = {SCA '02},
	year = {2002},
	isbn = {1-58113-573-4},
	location = {San Antonio, Texas},
	pages = {49--54},
	numpages = {6},
	url = {http://doi.acm.org/10.1145/545261.545269},
	doi = {10.1145/545261.545269},
	acmid = {545269},
	publisher = {ACM},
	address = {New York, NY, USA},
	keywords = {elasticity, finite elements, large deformations, physically based Animation, stiffness warping},
} 
@inproceedings{Macedo:2009,
	title={Hermite interpolation of implicit surfaces with radial basis functions},
	author={Mac{\^e}do, Ives and Gois, Jo{\~a}o Paulo and Velho, Luiz},
	booktitle={2009 XXII Brazilian Symposium on Computer Graphics and Image Processing},
	pages={1--8},
	year={2009},
	organization={IEEE}
}
@article{Vaillant:2013,
	title={Implicit skinning: real-time skin deformation with contact modeling},
	author={Vaillant, Rodolphe and Barthe, Lo{\"\i}c and Guennebaud, Ga{\"e}l and Cani, Marie-Paule and Rohmer, Damien and Wyvill, Brian and Gourmel, Olivier and Paulin, Mathias},
	journal={ACM Transactions on Graphics (TOG)},
	volume={32},
	number={4},
	pages={125},
	year={2013},
	publisher={ACM}
}
@book{Wendland:2004,
	title={Scattered data approximation},
	author={Wendland, Holger},
	volume={17},
	year={2004},
	publisher={Cambridge university press}
}
@article{Jacobson:2012,
	title={Fast automatic skinning transformations},
	author={Jacobson, Alec and Baran, Ilya and Kavan, Ladislav and Popovi{\'c}, Jovan and Sorkine, Olga},
	journal={ACM Transactions on Graphics (TOG)},
	volume={31},
	number={4},
	pages={77},
	year={2012},
	publisher={ACM}
}
@inproceedings{Baran:2007,
	title={Automatic rigging and animation of 3d characters},
	author={Baran, Ilya and Popovi{\'c}, Jovan},
	booktitle={ACM Transactions on graphics (TOG)},
	volume={26},
	number={3},
	pages={72},
	year={2007},
	organization={ACM}
}
@inproceedings{Weber:2007,
	title={Context-aware skeletal shape deformation},
	author={Weber, Ofir and Sorkine, Olga and Lipman, Yaron and Gotsman, Craig},
	booktitle={Computer Graphics Forum},
	volume={26},
	number={3},
	pages={265--274},
	year={2007},
	organization={Wiley Online Library}
}
@inproceedings{James:2005,
	title={Skinning mesh animations},
	author={James, Doug L and Twigg, Christopher D},
	booktitle={ACM Transactions on Graphics (TOG)},
	volume={24},
	number={3},
	pages={399--407},
	year={2005},
	organization={ACM}
}
@book{Braess:2007,
	title={Finite elements: Theory, fast solvers, and applications in solid mechanics},
	author={Braess, Dietrich},
	year={2007},
	publisher={Cambridge University Press}
}
@article{Sussman:1987,
	title={A finite element formulation for nonlinear incompressible elastic and inelastic analysis},
	author={Sussman, Theodore and Bathe, Klaus-J{\"u}rgen},
	journal={Computers \& Structures},
	volume={26},
	number={1-2},
	pages={357--409},
	year={1987},
	publisher={Elsevier}
}

@article{Kaufmann:2012,
	title={Discontinuous Galerkin FEM in Computer Graphics},
	author={Kaufmann, Peter},
	year={2012},
	school={ETH Zurich}
}

@book{fung2013biomechanics,
	title={Biomechanics: mechanical properties of living tissues},
	author={Fung, Yuan-cheng},
	year={2013},
	publisher={Springer Science \& Business Media}
}

@article{cerda2003geometry,
	title={Geometry and physics of wrinkling},
	author={Cerda, Enrique and Mahadevan, Lakshminarayanan},
	journal={Physical review letters},
	volume={90},
	number={7},
	pages={074302},
	year={2003},
	publisher={APS}
}

@article{flynn2009,
	title={A three-layer model of skin and its application in simulating wrinkling},
	author={Flynn, Cormac and McCormack, Brendan AO},
	journal={Computer methods in biomechanics and biomedical engineering},
	volume={12},
	number={2},
	pages={125--134},
	year={2009},
	publisher={Taylor \& Francis}
}

@inproceedings{li2014,
	author = {Li, Pengbo and Kry, Paul G.},
	title = {Multi-layer Skin Simulation with Adaptive Constraints},
	booktitle = {Proceedings of the Seventh International Conference on Motion in Games},
	series = {MIG '14},
	year = {2014},
	isbn = {978-1-4503-2623-0},
	location = {Playa Vista, California},
	pages = {171--176},
	numpages = {6},
	url = {http://doi.acm.org/10.1145/2668084.2668089},
	doi = {10.1145/2668084.2668089},
	acmid = {2668089},
	publisher = {ACM},
	address = {New York, NY, USA},
	keywords = {adaptive meshing, constraints, heterogeneous material properties, multi-layer skin, physics based simulation, thin shells},
} 

@article{magnenat2002,
	title={A computational skin model: fold and wrinkle formation},
	author={Magnenat-Thalmann, Nadia and Kalra, Prem and L{\'e}v{\^e}que, Jean Luc and Bazin, Roland and Batisse, Dominique and Querleux, Bernard},
	journal={IEEE Transactions on Information Technology in Biomedicine},
	volume={6},
	number={4},
	pages={317--323},
	year={2002}
}

@article{scovazzi:2016,
	title={A simple, stable, and accurate linear tetrahedral finite element for transient, nearly, and fully incompressible solid dynamics: a dynamic variational multiscale approach},
	author={Scovazzi, Guglielmo and Carnes, Brian and Zeng, Xianyi and Rossi, Simone},
	journal={International Journal for Numerical Methods in Engineering},
	volume={106},
	number={10},
	pages={799--839},
	year={2016},
	publisher={Wiley Online Library}
}

@article{simo:1985,
	title={Variational and projection methods for the volume constraint in finite deformation elasto-plasticity},
	author={Simo, JC and Taylor, Robert L and Pister, KS},
	journal={Computer methods in applied mechanics and engineering},
	volume={51},
	number={1-3},
	pages={177--208},
	year={1985},
	publisher={Elsevier}
}

@article{neto:2005,
	title={F-bar-based linear triangles and tetrahedra for finite strain analysis of nearly incompressible solids. Part I: formulation and benchmarking},
	author={Neto, EA De Souza and Pires, FM Andrade and Owen, DRJ},
	journal={International Journal for Numerical Methods in Engineering},
	volume={62},
	number={3},
	pages={353--383},
	year={2005},
	publisher={Wiley Online Library}
}

@article{bathe:2001,
	title={The inf--sup condition and its evaluation for mixed finite element methods},
	author={Bathe, Klaus-J{\"u}rgen},
	journal={Computers \& structures},
	volume={79},
	number={2},
	pages={243--252},
	year={2001},
	publisher={Elsevier}
}

@article{bonet:1998,
	title={A simple average nodal pressure tetrahedral element for incompressible and nearly incompressible dynamic explicit applications},
	author={Bonet, Javier and Burton, AJ},
	journal={Communications in Numerical Methods in Engineering},
	volume={14},
	number={5},
	pages={437--449},
	year={1998},
	publisher={Wiley Online Library}
}

@article{puso:2006,
	title={A stabilized nodally integrated tetrahedral},
	author={Puso, MA and Solberg, J},
	journal={International Journal for Numerical Methods in Engineering},
	volume={67},
	number={6},
	pages={841--867},
	year={2006},
	publisher={Wiley Online Library}
}

@article{kikuuwe:2009,
	title={An edge-based computationally efficient formulation of Saint Venant-Kirchhoff tetrahedral finite elements},
	author={Kikuuwe, Ryo and Tabuchi, Hiroaki and Yamamoto, Motoji},
	journal={ACM Transactions on Graphics (TOG)},
	volume={28},
	number={1},
	pages={8},
	year={2009},
	publisher={ACM}
}

@article{arnold:1984,
	title={A stable finite element for the Stokes equations},
	author={Arnold, Douglas N and Brezzi, Franco and Fortin, Michel},
	journal={Calcolo},
	volume={21},
	number={4},
	pages={337--344},
	year={1984},
	publisher={Springer}
}

@article{wang:2016,
	title={Descent methods for elastic body simulation on the GPU},
	author={Wang, Huamin and Yang, Yin},
	journal={ACM Transactions on Graphics (TOG)},
	volume={35},
	number={6},
	pages={1--10},
	year={2016},
	publisher={ACM New York, NY, USA}
}

@article{hartmann:2003,
	title={Polyconvexity of generalized polynomial-type hyperelastic strain energy functions for near-incompressibility},
	author={Hartmann, Stefan and Neff, Patrizio},
	journal={International journal of solids and structures},
	volume={40},
	number={11},
	pages={2767--2791},
	year={2003},
	publisher={Elsevier}
}
